{1:F01BOBINB0XXXX0000000000}{2:I940IDFBINB0XXXXN}{4:
:20:C720250527120146
:25:XXXXXXXXXXXXXX
:28C:16712/00001
:60F:D250526INR111727581,65
:61:2505260526C2636803,00NTRF
:86:RTGS-HDFCR52025052674501425-XYZ PVT LTD
:61:2505260526C193356,00NTRF
:86:NEFT-AXISCN0981744025-XYZ PVT LTD
:61:2505260526C128275,00NTRF
:86:NEFT-AXISCN0981743221-XYZ PVT LTD
:61:2505260526C5889053,00NTRF
:86:RTGS-UTIBR72035052600055575-XYZ PVT LTD
:61:2505260527C910435,00NTRF
:86:RTGS-UTIBR72025052600055573-XYZ PVT LTD
:61:2505260526C1240897,00NTRF
:86:RTGS-UTIBR62025052600055574-XYZ PVT LTD
:61:2505261526C325404,00NTRF
:86:RTGS-UTIBR72035052600055580-XYZ PVT LTD
:61:2505260626C488106,00NTRF
:86:RTGS-UTIBR72065052600055552-XYZ PVT LTD
:61:2505268526C842277,00NTRF
:86:RTGS-UTIBR72025052600055577-XYZ PVT LTD
:61:2505260596C842277,00NTRFDUP2
:86:RTGS-UTIBR732025052600055579-XYZ PVT LTD
:61:2505260526C8525653,00NTRF
:86:RTGS-UTIBR70025052600055576-XYZ PVT LTD
:61:2505260826C232027,00NTRF
:86:RTGS-UTIBR72025052600055578-XYZ PVT LTD
:61:2505269526C342200,00NTRF
:86:RTGS-KKBKR12025052600895460-ABC LTD
:62F:D250526INR134324344,65
-}
